@misc{rabinowitz,
	author={Anthony Ralston and Philip Rabinowitz},
	year={1978},
	title={A First Course in Numerical Analysis},
}
@misc{ruggiero,
	author={Vera Lúcia Lopes and Márcia Ruggiero},
	title={Cálculo Numérico, Aspectos Teóricos e Computacionais},
}
