@misc{rabinowitz,
	author={Anthony Ralston and Philip Rabinowitz},
	year={1978},
	title={A First Course in Numerical Analysis},
}
@misc{ruggiero,
	author={Vera Lúcia Lopes and Márcia Ruggiero},
	title={Cálculo Numérico, Aspectos Teóricos e Computacionais},
}
@misc{barannyk,
	author={Lyudmyla Barannyk},
	title={LU factorization for a tridiagonal matrix},
	howpublished={\url{https://www.webpages.uidaho.edu/~barannyk/Teaching/LU_factorization_tridiagonal.pdf}},
	note={Acessado em: Setembro/2018}
}
